<?xml version="1.0" encoding="UTF-8"?><record xmlns="http://www.loc.gov/MARC21/slim" xmlns:cinclude="http://apache.org/cocoon/include/1.0" xmlns:zs="http://www.loc.gov/zing/srw/">
  <leader>00859cz  a2200205n  4500</leader>
  <controlfield tag="001">n  91029605 </controlfield>
  <controlfield tag="003">DLC</controlfield>
  <controlfield tag="005">20080904081429.0</controlfield>
  <controlfield tag="008">910325n| acannaabn          |b aaa      </controlfield>
  <datafield tag="010" ind1=" " ind2=" ">
    <subfield code="a">n  91029605 </subfield>
  </datafield>
  <datafield tag="035" ind1=" " ind2=" ">
    <subfield code="a">(OCoLC)oca02917953</subfield>
  </datafield>
  <datafield tag="040" ind1=" " ind2=" ">
    <subfield code="a">DLC</subfield>
    <subfield code="b">eng</subfield>
    <subfield code="c">DLC</subfield>
    <subfield code="d">DLC</subfield>
    <subfield code="d">OCoLC</subfield>
  </datafield>
  <datafield tag="100" ind1="1" ind2=" ">
    <subfield code="a">Krauklis, G. V.</subfield>
  </datafield>
  <datafield tag="400" ind1="1" ind2=" ">
    <subfield code="a">Krauklis, Georgiĭ Vilʹgelʹmovich</subfield>
  </datafield>
  <datafield tag="400" ind1="1" ind2=" ">
    <subfield code="a">Krauklis, Georgy Wilhelmovich</subfield>
  </datafield>
  <datafield tag="400" ind1="1" ind2=" ">
    <subfield code="a">Крауклис, Г. В.</subfield>
  </datafield>
  <datafield tag="667" ind1=" " ind2=" ">
    <subfield code="a">Machine-derived non-Latin script reference project.</subfield>
  </datafield>
  <datafield tag="667" ind1=" " ind2=" ">
    <subfield code="a">Non-Latin script reference not evaluated.</subfield>
  </datafield>
  <datafield tag="670" ind1=" " ind2=" ">
    <subfield code="a">Rikhard Vagner, statʹi i materialy, 1988:</subfield>
    <subfield code="b">verso t.p. (Krauklis G.V., doktor iskusstvovedenii︠a︡, professor)</subfield>
  </datafield>
  <datafield tag="670" ind1=" " ind2=" ">
    <subfield code="a">Pribegina, G. Moskovskai︠a︡ konservatorii︠a︡, 1991:</subfield>
    <subfield code="b">p. 230 (Georgiĭ Vilʹgelʹmovich Krauklis; Georgy Wilhelmovich Krauklis; b. 1922; musicologist)</subfield>
  </datafield>
</record>